<?xml version="1.0" encoding="UTF-8"?>
<collection xmlns="info:lc/xmlns/marcxchange-v2">
  <record format="MARC21" type="Bibliographic">
    <leader>00000cam  2200313 a 4500</leader>
    <controlfield tag="001">ocn137458539</controlfield>
    <controlfield tag="003">OCoLC</controlfield>
    <controlfield tag="005">20070605101501.0</controlfield>
    <controlfield tag="008">900119s1974    maua          100 0 eng d</controlfield>
    <datafield ind2=" " ind1=" " tag="010">
      <subfield code="a">   74081739 </subfield>
    </datafield>
    <datafield ind2=" " ind1=" " tag="040">
      <subfield code="a">MSR</subfield>
      <subfield code="c">MSR</subfield>
    </datafield>
    <datafield ind2=" " ind1=" " tag="035">
      <subfield code="a">(OCoLC)137458539</subfield>
    </datafield>
    <datafield ind2=" " ind1=" " tag="035">
      <subfield code="a">(CStRLIN)MOSA90-B178</subfield>
    </datafield>
    <datafield ind2=" " ind1=" " tag="050">
      <subfield code="a">F61</subfield>
      <subfield code="b">.C71 vol. 48</subfield>
      <subfield code="a">NK2438.B6</subfield>
    </datafield>
    <datafield ind2=" " ind1=" " tag="079">
      <subfield code="a">ocm01364905</subfield>
      <subfield code="z">ocm06844451</subfield>
    </datafield>
    <datafield ind2=" " ind1=" " tag="090">
      <subfield code="a">NK2438.B6</subfield>
      <subfield code="b">B68 1974</subfield>
    </datafield>
    <datafield ind2=" " ind1=" " tag="049">
      <subfield code="a">OCLC</subfield>
    </datafield>
    <datafield ind2="0" ind1="0" tag="245">
      <subfield code="a">Boston furniture of the eighteenth century :</subfield>
      <subfield code="b">a conference held by the Colonial Society of Massachusetts, 11 and 12 May 1972.</subfield>
    </datafield>
    <datafield ind2=" " ind1=" " tag="260">
      <subfield code="a">Boston :</subfield>
      <subfield code="b">Colonial Society of Massachusetts ;</subfield>
      <subfield code="a">[Charlottesville] :</subfield>
      <subfield code="b">distributed by the University Press of Virginia,</subfield>
      <subfield code="c">c1974.</subfield>
    </datafield>
    <datafield ind2=" " ind1=" " tag="300">
      <subfield code="a">xvi, 316 p. :</subfield>
      <subfield code="b">ill. ;</subfield>
      <subfield code="c">25 cm.</subfield>
    </datafield>
    <datafield ind2="0" ind1=" " tag="440">
      <subfield code="a">Publications of the Colonial Society of Massachusetts ;</subfield>
      <subfield code="v">v. 48</subfield>
    </datafield>
    <datafield ind2=" " ind1=" " tag="500">
      <subfield code="a">Bibliography: p. 303-305.</subfield>
    </datafield>
    <datafield ind2=" " ind1=" " tag="500">
      <subfield code="a">Includes index.</subfield>
    </datafield>
    <datafield ind2="0" ind1=" " tag="650">
      <subfield code="a">Furniture, Colonial</subfield>
      <subfield code="z">Massachusetts</subfield>
      <subfield code="z">Boston</subfield>
      <subfield code="x">Congresses.</subfield>
    </datafield>
    <datafield ind2="0" ind1=" " tag="650">
      <subfield code="a">Furniture, Early American</subfield>
      <subfield code="z">Massachusetts</subfield>
      <subfield code="z">Boston</subfield>
      <subfield code="x">Congresses.</subfield>
    </datafield>
    <datafield ind2=" " ind1="2" tag="710">
      <subfield code="a">Colonial Society of Massachusetts.</subfield>
    </datafield>
    <datafield ind2=" " ind1=" " tag="852">
      <subfield code="a">MoSR</subfield>
      <subfield code="b">STK</subfield>
      <subfield code="h">NK2438.B6</subfield>
      <subfield code="i">B68 1974</subfield>
      <subfield code="x">21260</subfield>
      <subfield code="x">CIN=MLC; OID=MLC</subfield>
    </datafield>
    <datafield ind2=" " ind1=" " tag="901">
      <subfield code="a">R</subfield>
    </datafield>
    <datafield ind2=" " ind1=" " tag="994">
      <subfield code="a">C0</subfield>
      <subfield code="b">OCL</subfield>
    </datafield>
  </record>